@article{fan2018cpc,
title = {{GPUQT: An efficient linear-scaling quantum transport code fully implemented on graphics processing units}},
journal = "Computer Physics Communications",
volume = "230",
pages = "113 - 120",
year = "2018",
issn = "0010-4655",
doi = "https://doi.org/10.1016/j.cpc.2018.04.013",
url = "http://www.sciencedirect.com/science/article/pii/S0010465518301280",
author = "Zheyong Fan and Ville Vierimaa and Ari Harju",
keywords = "Quantum transport, Linear-scaling, GPU acceleration"
}

@article{fan2018arxiv,
author = {Zheyong Fan and Jose Hugo Garcia and Aron W Cummings and Jose-Eduardo Barrios and Michel Panhans and Ari Harju and Frank Ortmann and Stephan Roche},
title = {{Linear Scaling Quantum Transport Methodologies}},
journal = {arXiv preprint arXiv:1811.07387},
year = {2018},
URL = {https://arxiv.org/abs/1811.07387}
}

@article{vierimaa2017prb,
  title = {{Scattering from spin-polarized charged impurities in graphene}},
  author = {Vierimaa, V and Fan, Z and Harju, A},
  journal = {Phys. Rev. B},
  volume = {95},
  issue = {4},
  pages = {041401},
  numpages = {5},
  year = {2017},
  month = {Jan},
  publisher = {American Physical Society},
  doi = {10.1103/PhysRevB.95.041401},
  url = {https://link.aps.org/doi/10.1103/PhysRevB.95.041401}
}

@article{Cummings2017prl,
author = {Cummings, Aron W and Garc\'{\i}a, Jose H. and Fabian, Jaroslav and Roche, Stephan},
doi = {10.1103/PhysRevLett.119.206601},
issn = {0031-9007},
journal = {Physical Review Letters},
number = {20},
pages = {206601},
title = {{Giant Spin Lifetime Anisotropy in Graphene Induced by Proximity Effects}},
url = {https://link.aps.org/doi/10.1103/PhysRevLett.119.206601},
volume = {119},
year = {2017}
}

@article{garcia2015prl,
  title = {{Real-Space Calculation of the Conductivity Tensor for Disordered Topological Matter}},
  author = {Garc\'{\i}a, Jose H. and Covaci, Lucian and Rappoport, Tatiana G.},
  journal = {Phys. Rev. Lett.},
  volume = {114},
  issue = {11},
  pages = {116602},
  numpages = {5},
  year = {2015},
  month = {Mar},
  publisher = {American Physical Society},
  doi = {10.1103/PhysRevLett.114.116602},
  url = {https://link.aps.org/doi/10.1103/PhysRevLett.114.116602}
}

@article{ortmann2015prb,
  title = {{Efficient linear scaling approach for computing the Kubo Hall conductivity}},
  author = {Ortmann, Frank and Leconte, Nicolas and Roche, Stephan},
  journal = {Phys. Rev. B},
  volume = {91},
  issue = {16},
  pages = {165117},
  numpages = {6},
  year = {2015},
  month = {Apr},
  publisher = {American Physical Society},
  doi = {10.1103/PhysRevB.91.165117},
  url = {https://link.aps.org/doi/10.1103/PhysRevB.91.165117}
}

@article{fan2014cpc,
title = {{Efficient linear-scaling quantum transport calculations on graphics processing units and applications on electron transport in graphene}},
journal = "Computer Physics Communications",
volume = "185",
number = "1",
pages = "28 - 39",
year = "2014",
issn = "0010-4655",
doi = "https://doi.org/10.1016/j.cpc.2013.08.009",
url = "http://www.sciencedirect.com/science/article/pii/S0010465513002701",
author = "Z Fan and A Uppstu and T Siro and A Harju"
}

@article {vantuan2014np,
author = {Van Tuan, Dinh and Ortmann, Frank and Soriano, David and Valenzuela, Sergio O. and Roche, Stephan},
title = {{Pseudospin-driven spin relaxation mechanism in graphene}},
journal = {Nature Physics},
volume = {10},
url = {http://dx.doi.org/10.1038/nphys3083},
doi = {10.1038/nphys3083},
pages = {857--863},
year = {2014}
}

@article{weisse2006rmp,
  title = {The kernel polynomial method},
  author = {Wei\ss{}e, Alexander and Wellein, Gerhard and Alvermann, Andreas and Fehske, Holger},
  journal = {Rev. Mod. Phys.},
  volume = {78},
  issue = {1},
  pages = {275--306},
  numpages = {0},
  year = {2006},
  month = {Mar},
  publisher = {American Physical Society},
  doi = {10.1103/RevModPhys.78.275},
  url = {https://link.aps.org/doi/10.1103/RevModPhys.78.275}
}

@article{roche1997prl,
  title = {{Conductivity of Quasiperiodic Systems: A Numerical Study}},
  author = {S. Roche and D. Mayou},
  journal = {Phys. Rev. Lett.},
  volume = {79},
  issue = {13},
  pages = {2518--2521},
  numpages = {0},
  year = {1997},
  month = {Sep},
  publisher = {American Physical Society},
  doi = {10.1103/PhysRevLett.79.2518},
  url = {https://link.aps.org/doi/10.1103/PhysRevLett.79.2518}
}

@article{ezer1984jcp,
author = {H. Tal-Ezer and R. Kosloff},
title = {{An accurate and efficient scheme for propagating the time dependent Schr\"{o}dinger equation}},
journal = {The Journal of Chemical Physics},
volume = {81},
number = {9},
pages = {3967-3971},
year = {1984},
doi = {10.1063/1.448136},
URL = { https://doi.org/10.1063/1.448136}
}

